% Hier kommen Referenzen hinein
% Damit diese auch gefunden werden, muss im Hauptverzeichnis
% bibtex "datei.aux" also hier diplom.aux ausgeführt werden 

@Online{Wikipedia,
	title = {Fermatsches Prinzip},
	url = {http://de.wikipedia.org/wiki/Fermatsches_Prinzip},
	year = {2.4.2013}
}

@Online{Definition,
	title = {Das Fermatsche Prinzip},
	url = {http://wwwex.physik.uni-ulm.de/lehre/gk3a-2003/node22.html},
	year = {21.5.2013}
}

@Article{ImageSequenceEnhancementUsingSubPixelDisplacements,
	author = {Danny Kerren and Shmuel Peleg and Rafi Brada},
	title = {Image Sequence Enhancement Using Sub-pixel Displacements},
	year = {1988},
}

@INPROCEEDINGS{Lucas81aniterative,
	author = {Bruce D. Lucas and Takeo Kanade},
	title = {An Iterative Image Registration Technique with an Application to Stereo Vision},
	booktitle = {},
	year = {1981},
	pages = {674--679}
}

@thesis{RANSAC,
	author = {Wikipedia},
	title = {RANSAC-Algorithmus},
	date = {10.12.2012 },
	url = {http://de.wikipedia.org/wiki/RANSAC-Algorithmus},
}
